<?xml version="1.0" encoding="UTF-8"?><collection xmlns="http://www.loc.gov/MARC21/slim"><record><leader>00416nam--2200133-i-4500</leader><controlfield tag="001">000013928</controlfield><controlfield tag="002">20161230</controlfield><controlfield tag="005">20161230201030</controlfield><controlfield tag="008">060222s1000------------r-----000-0-eng-d</controlfield><datafield ind1=" " ind2=" " tag="100"><subfield code="a">Cipere, Lucian</subfield></datafield><datafield ind1=" " ind2=" " tag="245"><subfield code="a">Silisteanu, mihai si constantin escu, cezar</subfield></datafield><datafield ind1=" " ind2=" " tag="260"><subfield code="a">Lucrari Practice De Depanare A Receptoarelor D E Televiziune</subfield></datafield><datafield ind1=" " ind2=" " tag="490"><subfield code="a">Bucuresti, Editura Didactica Si Pedagogica, 1981. 345 P</subfield></datafield><datafield ind1=" " ind2=" " tag="852"><subfield code="a">621.397.62</subfield></datafield></record></collection>